%% This BibTeX bibliography file was created using BibDesk.
%% http://bibdesk.sourceforge.net/


%% Created for herman at 2011-06-03 09:34:27 -0400 


%% Saved with string encoding Unicode (UTF-8) 



@article{ENDFVII,
	Author = {Chadwick, M.B. and Oblozinsky, P. and Herman, M. and others},
	Date-Added = {2011-06-03 09:03:55 -0400},
	Date-Modified = {2011-06-03 09:14:02 -0400},
	Journal = {Nuclear Data Sheets},
	Number = {12},
	Pages = {2931-3118},
	Title = {ENDF/B-VII.0: Next Generation Evaluated Nuclear Data Library for Nuclear Science and Technology},
	Volume = {107},
	Year = {2006}}

@article{hagino,
	Author = {K.~Hagino, N.~Van Giai and H.Sagawa},
	Date-Added = {2011-06-03 08:38:56 -0400},
	Date-Modified = {2011-06-03 08:40:33 -0400},
	Journal = {Nucl. Phys.},
	Pages = {272},
	Volume = {A731},
	Year = {2004}}

@book{Dickhoff:2005,
	Author = {W.H.~Dickhoff and D.~van~Neck},
	Date-Added = {2011-06-03 08:22:21 -0400},
	Date-Modified = {2011-06-03 08:35:36 -0400},
	Publisher = {World Scientific},
	Title = {Propagator Description of Quantum Mechanics in Many-Body Systems},
	Year = {2005}}

@book{fetter,
	Author = {A.L.~Fetter and J.D.~Walecka},
	Date-Added = {2011-06-03 08:13:13 -0400},
	Date-Modified = {2011-06-03 08:19:22 -0400},
	Publisher = {McGraw-Hill, New York},
	Title = {Quantum Theory of Many Body Systems},
	Year = {1971}}

@article{Audi,
	Author = {G. Audi and A. H. Wapstra},
	Journal = {Nucl. Phys.},
	Pages = {409},
	Volume = {A595},
	Year = {1995}}

@article{Moller95,
	Author = {P. Moller and J. R. Nix and W. D. Myers and W. J. Swiatecki},
	Journal = {At. Data and Nucl. Data Tables},
	Pages = {185},
	Volume = {59},
	Year = {1995}}

@article{Axel,
	Author = {P. Axel},
	Journal = {Phys. Rev.},
	Pages = {671},
	Volume = {126},
	Year = {1962}}

@manual{BARMOM,
	Author = {A. J. Sierk},
	Edition = {No.967},
	Organization = {National Energy Software Center (Argonne National Laboratory, IL60439)},
	Title = {BARMOM}}

@misc{BBB83,
	Author = {G. F. Bertsch},
	Howpublished = {private communication to A. Hoering},
	Year = {1992}}

@book{BM,
	Address = {USA},
	Author = {A. Bohr and B. Mottelson},
	Publisher = {Reading, MA. Addison-Wesley/W.A. Benjamin, Inc.},
	Title = {Nuclear Structure},
	Volume = {Vol.2},
	Year = {1975}}

@article{Bass,
	Author = {R. Bass},
	Journal = {Nucl. Phys.},
	Pages = {45},
	Volume = {A231},
	Year = {1974}}

@article{Basspot,
	Author = {R. Bass},
	Journal = {Phys. Rev. Lett.},
	Pages = {265},
	Volume = {39},
	Year = {1977}}

@article{Betak01,
	Author = {E. B{\v{e}}t{\'{a}}k and F. Cvelbar, A. Likar and T. Vidmar},
	Journal = {Nucl. Phys.},
	Pages = {133},
	Title = {Brink-Axel hypothesis and model calculations of the radiative capture process},
	Volume = {A686},
	Year = {2001}}

@article{Bisplinghoff,
	Author = {Bisplinghoff, J.},
	Journal = {Phys. Rev. C},
	Pages = {1569},
	Volume = {33},
	Year = {1986}}

@article{Blann-HMS,
	Author = {M. Blann},
	Journal = {Phys. Rev.},
	Pages = {1341},
	Title = {New Precompound Decay Model},
	Volume = {C54},
	Year = {1996}}

@phdthesis{Brink,
	Author = {D. M. Brink},
	School = {Oxford},
	Year = {1955}}

@article{Brinka,
	Author = {D. M. Brink},
	Journal = {Nucl. Phys.},
	Pages = {215},
	Volume = {4},
	Year = {1957}}

@article{CCFUS,
	Author = {C. H. Dasso and S. Landowne},
	Journal = {Comp. Phys. Comm.},
	Pages = {187},
	Volume = {46},
	Year = {1987}}

@article{CCFUSa,
	Author = {C. H. Dasso and S. Landowne and G. Pollarolo},
	Journal = {Phys. Lett.},
	Pages = {187},
	Volume = {B217},
	Year = {1987}}

@article{CCFUSb,
	Author = {C. H. Dasso and S. Landowne and A. Winther},
	Journal = {Nucl. Phys.},
	Pages = {221},
	Volume = {A407},
	Year = {1983}}

@misc{DDHMScode,
	Author = {M. B. Chadwick},
	Howpublished = {private communication to M. Herman},
	Title = {DDHMS code}}

@misc{Degas,
	Author = {E. B{\v{e}}t{\'{a}}k and P. Oblo{\v{z}}insk{\'{y}}},
	Howpublished = {INDC(SLK)-001, IAEA, Vienna},
	Month = mar,
	Year = {1993}}

@manual{ECIS,
	Author = {Raynal, J.},
	Organization = {CEA-N-2772, Commissariat \` a l'Energie Atomique},
	Title = {Notes on ECIS},
	Year = {1994}}

@article{EGQR,
	Author = {J. Speth and A. van de Woude},
	Journal = {Rep. Prog. Phys.},
	Pages = {719},
	Volume = {44},
	Year = {1981}}

@misc{ENDVER,
	Author = {A. Trkov},
	Note = {available from fttp://www-nds.iaea.or.at/ndspub/endf/endver/},
	Title = {ENDVER - ENDF File Verification Support Package},
	Url = {http://www-nds.iaea.or.at/ndspub/endf/endver/},
	Bdsk-Url-1 = {http://www-nds.iaea.or.at/ndspub/endf/endver/}}

@booklet{ENSDF,
	Annote = {members of the International Nuclear Structure and Decay Data Network, and maintained by the National Nuclear Data Center, BNL, USA. },
	Howpublished = {http://www-nds.iaea.org},
	Title = {Evaluated Nuclear Structure Data File (ENSDF)},
	Url = {http://www-nds.iaea.org},
	Bdsk-Url-1 = {http://www-nds.iaea.org}}

@article{FKK,
	Author = {Feshbach, H. and Kerman, A. and Koonin, S.},
	Journal = {Ann. of Phys.},
	Pages = {429},
	Volume = {125},
	Year = {1980}}

@book{Firestone,
	Address = {New York},
	Author = {R. B. Firestone and V. S. Shirley and C. M. Baglin and S. Y. F. Chu and J.Zipkin},
	Publisher = {John Wiley and Sons, Inc.},
	Title = {Table of Isotopes, 8th Ed.},
	Volume = {1, 2},
	Year = {1998}}

@article{GammaMSC,
	Author = {A. Hoering and H. A. Weidenm{\"u}ller},
	Journal = {Phys. Rev.},
	Pages = {2476},
	Volume = {C46},
	Year = {1992}}

@article{GammaMSCapp,
	Author = {M. Herman and A. Hoering and G. Reffo},
	Journal = {Phys. Rev.},
	Pages = {2493},
	Volume = {C46},
	Year = {1992}}

@article{HFBCS,
	Author = {P. Demetriou and S. Goriely},
	Journal = {Nucl. Phys.},
	Pages = {95},
	Volume = {A695},
	Year = {2001}}

@article{HHM,
	Author = {Hofmann, H. M. and Mertelmeier, T. and Herman, M. and Tepel, J. W.},
	Journal = {Z. Physik},
	Pages = {153},
	Volume = {A 297},
	Year = {1980}}

@article{HRTW,
	Author = {Hofmann, H. M. and Richert, J. and Tepel, J. W. and Weidenm{\"u}ller, H. A.},
	Journal = {Ann. Phys.},
	Pages = {403},
	Volume = {90},
	Year = {1975}}

@article{HRW,
	Author = {M. Herman and G. Reffo and H.A. Weidenm{\"u}ller},
	Journal = {Nucl.Phys.},
	Pages = {124},
	Volume = {A53},
	Year = {1992}}

@article{HillWheeler,
	Author = {D. L. Hill and J. A. Wheeler},
	Journal = {Phys. Rev.},
	Pages = {1102},
	Volume = {89},
	Year = {1953}}

@article{Ignadamp,
	Author = {A. R. Junghans and others},
	Journal = {Nucl. Phys.},
	Pages = {633},
	Volume = {A633},
	Year = {1997}}

@article{Kalbach,
	Author = {C. Kalbach},
	Journal = {Z. Phys.},
	Pages = {319},
	Volume = {A287},
	Year = {1978}}

@article{LW92,
	Author = {H. Lenske and H. H. Wolter},
	Journal = {Nucl. Phys.},
	Pages = {483},
	Volume = {A538},
	Year = {1992}}

@article{MSbarr,
	Author = {W. D. Myers and W. J. Swiatecki},
	Journal = {Phys. Rev.},
	Pages = {014606},
	Volume = {C60},
	Year = {1999}}

@article{Mebel,
	Author = {A. S. Iljinov and M. V. Mebel and N. Bianchi and E. De Sanctis and C. Guaraldo, V. Lucherini and V. Muccifora and E. Polli and A. R. Reolon and P. Rossi},
	Journal = {Nucl. Phys.},
	Pages = {517},
	Volume = {A543},
	Year = {1992}}

@article{NVWY,
	Author = {Nishioka, H. and Verbaarschot, J. J. M. and Weidenm{\"u}ller, H. A. and Yoshida, S.},
	Journal = {Ann. Phys.},
	Pages = {67},
	Volume = {172},
	Year = {1986}}

@book{Neg,
	Address = {New York},
	Author = {J. W. Negele},
	Publisher = {Addison-Wesley},
	Title = {Theory of Many-Body Systems},
	Year = {1990}}

@misc{ORTRI,
	Author = {Lenske, H. and Wolter, H. H.},
	Howpublished = {private communication to M. Herman},
	Title = {TRISTAN and ORION codes}}

@article{Oblo,
	Author = {P. Oblo{\v{z}}insk{\'{y}}},
	Journal = {Nucl. Phys.},
	Pages = {127},
	Volume = {A453},
	Year = {1986}}

@misc{PREPRO,
	Author = {Dermott E. Cullen},
	Howpublished = {Report IAEA-NDS-39, Vienna},
	Month = apr,
	Note = {available from http://www-nds.iaea.org/ndspub/endf/prepro/},
	Title = {PREPRO2000: ENDF Preprocessing Codes},
	Url = {http://www-nds.iaea.org/ndspub/endf/prepro/},
	Year = {2000},
	Bdsk-Url-1 = {http://www-nds.iaea.org/ndspub/endf/prepro/}}

@misc{RIPL,
	Author = {IAEA-CRP},
	Howpublished = {IAEA-TECDOC-1034, Vienna, http://www-nds.iaea.org/ripl/},
	Title = {Reference Input Parameter Library (RIPL)},
	Url = {//www-nds.iaea.org/ripl/},
	Year = {1998},
	Bdsk-Url-1 = {//www-nds.iaea.org/ripl/}}

@misc{PHNuc,
	Author = {IAEA-CRP},
	Howpublished = {IAEA-TECDOC-1178, Vienna, http://www-nds.iaea.org/photonuclear/},
	Title = {Handbook on photonuclear data for applications: Cross sections and spectra},
	Url = {//www-nds.iaea.org/photonuclear/},
	Year = {2000},
	Bdsk-Url-1 = {//www-nds.iaea.org/photonuclear/}}

@book{RS,
	Address = {Berlin},
	Author = {P. Ring and S. Schuck},
	Publisher = {Springer},
	Title = {Theoretische Kernphysik},
	Year = {1982}}

@phdthesis{RegT,
	Author = {R. Siudak},
	School = {Univ. Cracow (Poland)}}

@manual{SCAT,
	Author = {O. Bersillon},
	Number = {CEA-N-2227 NEANDC(FR), INDC(E) 49/L},
	Organization = {Report CEA-N-2227 NEANDC(FR), INDC(E) 49},
	Title = {SCAT2: Un programme de mod\`ele optique sph\'erique'},
	Type = {Report},
	Year = {1981}}

@misc{SLW,
	Annote = {should have been published long ago},
	Author = {H. Lenske and R. Siudak, H.H. Wolter and others},
	Howpublished = {submitted to Nucl. Phys.},
	Journal = {submitted to Nucl. Phys.}}

@article{SWGQR,
	Author = {W. V. Prestwich},
	Journal = {Z. Phys.},
	Pages = {103},
	Volume = {A315},
	Year = {1984}}

@article{Solv,
	Author = {V. G. Soloviev},
	Journal = {Progr. Part. Nucl. Phys.},
	Pages = {107},
	Volume = {19},
	Year = {1987}}

@article{Stan,
	Author = {K. Stankiewicz and A. Marcinkowski and M. Herman},
	Journal = {Nucl. Phys.},
	Pages = {67},
	Volume = {A435},
	Year = {1985}}

@article{TUL,
	Author = {Tamura, T. and Udagawa, T. and Lenske, H.},
	Journal = {Phys. Rev.},
	Pages = {379},
	Title = {Multistep Direct Reaction Analysis of Continuum Spectra in Reactions Induced by Light Ions},
	Volume = {C26},
	Year = {1982}}

@misc{Tcl,
	Howpublished = {available free of charge from http://dev.scriptics.com/software/tcltk/},
	Title = {Tcl/Tk software package},
	Url = {http://dev.scriptics.com/software/tcltk/},
	Bdsk-Url-1 = {http://dev.scriptics.com/software/tcltk/}}

@article{VK,
	Author = {S. E. Vigdor and H. J. Karwowski},
	Journal = {Phys. Rev.},
	Pages = {1068},
	Volume = {C26},
	Year = {1982}}

@book{Wal,
	Address = {New York},
	Author = {A. L. Fetter and J. D. Walecka},
	Publisher = {McGraw-Hill},
	Title = {Quantum Theory of Many-Particle Systems},
	Year = {1971}}

@book{Weiss,
	Address = {New York},
	Author = {J. M. Blatt and V. Weisskopf},
	Publisher = {John Wiley and Sons, Inc.},
	Title = {Theoretical Nuclear Physics},
	Year = {1952}}

@misc{ZVView,
	Author = {V. V. Zerkin},
	Note = {available from http://www-nds.iaea.org/ndspub/zvview/},
	Title = {ZVView graphics software for nuclear data analysis version 9.4},
	Url = {http://www-nds.iaea.org/ndspub/zvview/},
	Year = {2001},
	Bdsk-Url-1 = {http://www-nds.iaea.org/ndspub/zvview/}}

@article{and76,
	Author = {G. Andersson and S. E. Larsson and G. Leander and P. Moeller and S. G. Nilsson and I. Ragnanarsson and S. Aberg and R. Bengtsson and J. Dudek and B. Nerlo-Pomorska and K. Pomorski and Z. Szymanski},
	Journal = {Nucl. Phys.},
	Pages = {205},
	Volume = {A268},
	Year = {1976}}

@article{arthura,
	Author = {P. G. Young and E. D. Arthur and M. Bozoian and T. R. England and G. M. Hale and R. J. LaBauve and R. C. Little and R. E. MacFarlane and D. G. Madland and R. T. Perry and W. B. Wilson},
	Journal = {Trans. Amer. Nucl. Soc.},
	Pages = {271},
	Volume = {60},
	Year = {1989}}

@techreport{arthura1,
	Author = {P. G. Young and E. D. Arthur and M. Bozoian and T. R. England and G. M. Hale and R. J. LaBauve and R. C. Little and R. E. MacFarlane and D. G. Madland and R. T. Perry and W. B. Wilson},
	Institution = {Los Alamos National Laboratory},
	Journal = {Trans. Amer. Nucl. Soc.},
	Number = {LA-11753-MS},
	Pages = {271},
	Type = {report},
	Volume = {60},
	Year = {1990}}

@article{cha87,
	Author = {D. R. Chakrabarty and S. Sen, M. Thoennessen and N. Alamanos and P. Paul and R. Schicker and J. Stachel and J. J. Gaardhoje},
	Journal = {Phys. Rev.},
	Pages = {1886},
	Volume = {C36},
	Year = {1987}}

@article{chadQD,
	Author = {M. B. Chadwick and P. Oblo\v zinsk\'y and P. E. Hodgson and G. Reffo},
	Journal = {Phys. Rev.},
	Pages = {814},
	Volume = {C44},
	Year = {1991}}

@article{die88,
	Author = {S. S. Dietrich and B. L. Berman},
	Journal = {Atomic Nucl. Data Tbl.},
	Pages = {199},
	Volume = {38},
	Year = {1998}}

@article{difusb,
	Author = {K. H. Schmidt and W. Morawek},
	Journal = {Rep. Prog. Phys.},
	Pages = {949},
	Volume = {54},
	Year = {1993}}

@article{fade,
	Author = {A. D'Arrigo and G. Giardina and M. Herman and A. V. Ignatyuk and A. Taccone},
	Journal = {J. Phys.},
	Pages = {305},
	Volume = {G20},
	Year = {1994}}

@article{gc,
	Author = {A. Gilbert and A. G. W. Cameron},
	Journal = {Can. J. Phys.},
	Pages = {1446},
	Volume = {43},
	Year = {1965}}

@misc{gdrdef,
	Author = {A. D'Arrigo and G. Giardina and A. Lamberto and G. F. Rappazzo and R. Sturiale and A. Taccone and M. Herman},
	Howpublished = {unpublished},
	Title = {Influence of nuclear deformation on photon emission spectra}}

@misc{gontchar,
	Author = {I. Gontchar},
	Howpublished = {private communication to M. Herman},
	Year = {1995}}

@article{grange,
	Author = {P. Grange and H. A. Weidenm{\"{u}}ller},
	Journal = {Phys. Lett.},
	Pages = {26},
	Volume = {B96},
	Year = {1980}}

@article{hybrid,
	Author = {M. Blann},
	Journal = {Phys. Rev. Lett.},
	Pages = {337},
	Volume = {27},
	Year = {1971}}

@article{hybrid1,
	Author = {M. Blann and A. Mignerey},
	Journal = {Nucl. Phys.},
	Pages = {245},
	Volume = {A186},
	Year = {1972}}

@article{hybrid2,
	Author = {M. Blann},
	Journal = {Phys. Rev. Lett.},
	Pages = {757},
	Volume = {28},
	Year = {1972}}

@article{hybrid3,
	Author = {M. Blann},
	Journal = {Nucl. Phys.},
	Pages = {570},
	Volume = {A213},
	Year = {1973}}

@article{igna,
	Author = {A. V. Ignatyuk and K. K. Istekov and G. N. Smirenkin},
	Journal = {Sov. J. Nucl. Phys.},
	Pages = {450},
	Volume = {29},
	Year = {1979}}

@article{ignaa,
	Author = {A. V. Ignatyuk and G. N. Smirenkin and A. S. Tishin},
	Journal = {Sov. J. Nucl. Phys.},
	Pages = {255},
	Volume = {21},
	Year = {1975}}

@article{kram,
	Author = {H.A. Kramers},
	Journal = {Physica},
	Pages = {284},
	Volume = {7},
	Year = {1940}}

@article{masses,
	Author = {P. Moller and J. R. Nix},
	Journal = {At. Data Nucl. Data Tables},
	Pages = {165},
	Volume = {26},
	Year = {1981}}

@article{rastop,
	Author = {E. M. Rastopchin and S. I. Mulgin and Yu. B. Ostapenko and V. V. Pashkevich and M. I. Svirin and G. N. Smirenkin},
	Journal = {Sov. J. Nucl. Phys.},
	Pages = {741},
	Volume = {53},
	Year = {1991}}

@article{sierk,
	Author = {A. J. Sierk},
	Journal = {Phys. Rev.},
	Pages = {2039},
	Volume = {C33},
	Year = {1986}}

@article{spspacings,
	Author = {A. D'Arrigo and G. Giardina and A. Taccone},
	Journal = {Phys. Lett.},
	Pages = {1},
	Volume = {B262},
	Year = {1991}}

@misc{RIPL2,
	Author = {IAEA-CRP},
	Howpublished = {to be released in 2002},
	Title = {Reference Input Parameter Library, Phase II (RIPL-2)},
	Url = {//www-nds.iaea.org/ripl2/},
	Bdsk-Url-1 = {//www-nds.iaea.org/ripl2/}}

@article{Goldhaber48,
	Author = {M. Goldhaber, E. Teller},
	Journal = {Phys. Rev.},
	Pages = {1046},
	Volume = {74},
	Year = {1948}}

@article{Isacker92,
	Author = {P. Van Isacker et al.},
	Journal = {Phys. Rev.},
	Pages = {R13},
	Volume = {C45},
	Year = {1992}}

@article{Goriely98,
	Author = {S. Goriely},
	Journal = {Phys. Lett.},
	Pages = {10},
	Volume = {B436},
	Year = {1998}}

@inproceedings{Goriely2000,
	Author = {S. Goriely},
	Booktitle = {AIP Conf. Proc. 529},
	Editor = {S. Wender},
	Pages = {28.7},
	Title = {Proc. of the 10th International Symposium on Capture Gamma-Ray Spectroscopy and Related Topics},
	Year = {2000}}

@article{Aboussir95,
	Author = {Y. Aboussir, J. M. Pearson, A. K. Dutta and F.Tondeur},
	Journal = {At. Data and Nucl. Data Tables},
	Pages = {127},
	Volume = {61},
	Year = {1995}}

@inproceedings{Thielemann1983,
	Author = {F. K. Thielemann, M. Arnould},
	Booktitle = {Proc. of the Conf. on Nuclear Data for Science and Technology},
	Editor = {K. Bockhoff, Reidel, Dordrecht},
	Pages = {762},
	Year = {1983}}

@article{Mamdouh2001,
	Author = {A. Mamdouh and J. M. Pearson and M. Rayet and F.Tondeur},
	Journal = {Nucl. Phys.},
	Pages = {337},
	Volume = {A679},
	Year = {2001}}

@article{Goriely2001,
	Author = {S. Goriely and F. Tondeur and J. M. Pearson},
	Journal = {Atomic Data Nuclear Data Tables},
	Pages = {311},
	Volume = {77},
	Year = {2001}}

@article{Demetriou2001,
	Author = {P. Demetriou and S. Goriely},
	Journal = {Nucl. Phys.},
	Pages = {95},
	Volume = {A695},
	Year = {2001}}

@article{Mamdouh1998,
	Author = {A. Mamdouh and J. M. Pearson and M. Rayet and F.Tondeur},
	Journal = {Nucl. Phys.},
	Pages = {389},
	Volume = {A644},
	Year = {1998}}

@techreport{Smirenkin1993,
	Author = {G. N. Smirenkin},
	Institution = {IAEA-Report INDC(CCP)-359},
	Year = {1993}}

@article{Back:74,
	Author = {B.Back et al.},
	Journal = {Phys.Rev.},
	Pages = {1924},
	Volume = {C 9},
	Year = {1974}}

@article{Bjornholm:80,
	Author = {S.Bjornholm and J.E.Lynn},
	Journal = {Rev. Mod. Phys.},
	Pages = {725},
	Volume = {52},
	Year = {1980}}

@article{Bhandari:79,
	Author = {B.S.Bhandari},
	Journal = {Phys.Rev.},
	Pages = {1820},
	Volume = {C 19},
	Year = {1979}}

@inproceedings{Sin:97,
	Address = {Bologna, Italy},
	Author = {M.Sin and G.Vladuca},
	Booktitle = {Proc. of the International Conference on Nuclear Data for Science and Technology},
	Editor = {G. Reffo},
	Organization = {Trieste, Italy, May 18-24, 1997},
	Pages = {976},
	Publisher = {Societa Italiana di Fisica, Bologna, Italy},
	Year = {1997}}

@article{Vladuca:00,
	Author = {G.Vladuca and M.Sin and C.Negoita},
	Journal = {Ann. Nucl. En.},
	Pages = {995},
	Volume = {27},
	Year = {2000}}

@misc{Ventura-3hump,
	Author = {A. Ventura},
	Howpublished = {private communication},
	Year = {2002}}

@article{Brosa:90,
	Author = {Brosa, U. and Grossmann, S. and M\"uller},
	Journal = {A. Phys. Rep},
	Pages = {167},
	Volume = {197},
	Year = {1990}}

@article{Wienke:2008,
	Author = {H. {Wienke} and R. {Capote} and M. {Herman} and M. {Sin}},
	Journal = {Phys.Rev. C},
	Pages = {064611},
	Title = {Deformation-dependent Tamura-Udagawa-Lenske multistep direct model},
	Volume = {78},
	Year = 2008}
