@inproceedings{Geel04,
  author = "K.~Volev and N.~Koyumdjieva and  A.~Brusegan and A.~Borella and 
            P.~Siegler and N.~Janeva and  A.~Lukyanov and L.~Leal and P.~Schillebeeckx",
  title = "Evaluation of the $^{232}$Th Neutron Cross Sections between 4 keV and
           140 keV",
  booktitle = "Proceedings of the \it{International Conference on Nuclear Data for}
  \it{Science and Technology}, 27 September - 1 October 2004, Santa Fé, USA; also 
  published in AIP Conf. Proc. Vol. {\bf 769}, p.87, (2005) AIP, Melville, New York,
  ISBN 0-7354-0254-X, ISSN 0094-243X"}
@article{akgrre80,
  author = "Akkermans, J.M.~ and Gruppelaar, H.~ and Reffo, G.~",
  journal = "Phys. Rev.  C {\bf 22}, 73",
  year = "(1980)"}
@TECHREPORT{ThUCRP,
   author = "Trkov, A.~",
   institution = "{\bf INDC(NDS)-447}, IAEA, Vienna. {\it Available online at
   http://www-nds.iaea.org/reports/indc-nds-447.pdf}",
   year = "(2003)"}
@TECHREPORT{badrsa62,
   author = "Bassel, R. H.~ and Drisko, R. M.~ and Satchler, G. R.~",
   institution = "{\bf ORNL-3240}, Oak Ridge National Laboratory",
   year = "1962"}
@TECHREPORT{nats82,
   author = "Nakahara, Y.~ and Tsutsui, T.~ ",
   title = "{\it NMTC/JAERI: A Simulation Code System for High Energy Nuclear
   Reactions and  Nucleon-Meson Transport Processes}",
   institution = "{\bf JAERI-M 82-198} (japanese), Japan Atomic Energy Research Institute",
   year = "1982"}
@TECHREPORT{LAHET,
   author = "Prael, R.E.~ and Lichtenstein, H.~",
   title = "{\it User Guide to LCS: The LAHET Code System}",
   institution = "{\bf LA-UR-89-3014}, Los Alamos National Laboratory",
   note = "Available online at http://www-xdiv.lanl.gov/XCI/PROJECTS/LCS/lahet-doc.html",
   year = "1989"}
@article{CEM2k,
  author = "Mashnik, S.G.~ and Sierk, A.J.~",
  title = "{\it Recent Developments of the Cascade-Exciton Model of Nuclear
  Reactions}",
  journal = "J.Nucl.Sci.Tech. {\bf S2 }, 720",
  year = "(2002)"}
@TECHREPORT{abbadi99,
   author = "Abfalterer, W.P.~ and Bateman, F.B.~ and Dietrich, F.S.~ and Finlay, R.W.~ and Haight, R.C.~ and Morgan, G.L.~",
   institution = "{\bf LA-UR-99-666}, Los Alamos National Laboratory",
   year = "1999"}
@article{abbadi01,
  author = "Abfalterer, W.P.~ and Bateman, F.B.~ and Dietrich, F.S.~ and Finlay, R.W.~ and Haight, R.C.~ and Morgan, G.L.~",
  title = "{\it Measurement of neutron total cross sections up to 560 MeV (EXFOR 13753)}",
  journal = "Phys. Rev. C{\bf 63}, 044608",
  year = "(2001)"}
@article{moro04,
  author = "Morillon, B.~ and Romain, P.~",
  journal = "Phys. Rev. C {\bf 70}, 014601",
  year = "(2004)"}
@Article{brlema54,
  author =  "Brueckner, K.~ and Levinson, C.~ and Mahmoud, H.~",
  journal = "Phys. Rev. {\bf 95}, 217",
  year = "(1954)"}
@Article{li66,
  author =  "Lipperheide, R.~",
  journal = "Nucl. Phys. {\bf A89}, 97",
  year = "(1966)"}
@Article{pa67,
  author =  "Passatore, G.~",
  journal = "Nucl. Phys. {\bf A95}, 694",
  year = "(1967)"}
@Article{li67,
  author =  "Lipperheide, R.~",
  journal = "Z. Phys.{\bf 202}, 58",
  year = "(1967)"}
@Article{lisc68,
  author =  "Lipperheide, R.~ and Schmidt, A.K.~",
  journal = "Nucl. Phys. {\bf A112}, 65",
  year = "(1968)"}
@Article{qucamo03,
  author =  "Quesada, J.M.~ and Capote, R.~ and Molina, A.~ and Lozano, M.~",
  journal = "Comp. Phys. Commun. {\bf 153}, 97",
  year = "(2003)"}
@Article{pebu62,
  author =  "Perey, F.~ and Buck, B.~",
  journal = "Nucl. Phys. {\bf 32}, 353",
  year = "(1962)"}
@Article{bu63,
  author =  "Buck, B.~",
  journal = "Phys. Rev. {\bf 130}, 712",
  year = "(1963)"}
@Article{qucara03,
  author =  "Quesada, J.M.~ and Capote, R.~ and Molina, A.~ and Lozano, M.~ and Raynal, J.~",
  journal = "Phys. Rev. C {\bf 67}, 067601",
  year = "(2003)"}
@article{alra86,
  author = "Alarcon, R.~ and Rapaport, J.~",
  journal = "Nucl. Phys. {\bf A458}, 502",
  year = "(1986)"}
@inproceedings{aryo80,
  author = "Arthur, E.D.~ and Young, P.G.~",
  title = "Evaluation of neutron cross sections to 40 MeV for $^{54,56}Fe$",
  booktitle = "Proceedings of the \it{Symposium on Neutron Cross Sections from
  10 to 50 MeV}. Brookhaven National Laboratory, Upton, N.Y. edited by M.R. Bhat
  and S.  Pearlstein, Brookhaven National Laboratory Report No. BNL-NCS-51245,
  1980,  Vol-II, p. 731",}
@article{avhoav94,
  author = "Avrigeanu, V.~ and Hodgson, P.E.~ and Avrigeanu, M.~",
  journal = "Phys. Rev. C {\bf 49}, 2136",
  year = "(1994)"}
@article{avhoko93,
  author = "Avrigeanu, M.~ and Hodgson, P.E.~ and Koning, A.J.~",
  journal = "J. Phys.  {\bf G 19}, 745",
  year = "(1993)"}
@article{badegi00,
  author = "Bauge, E.~ and Delaroche, J.P.~ and Girod, M.~ and Haouat, G.~ and Lachkar, J.~ and Patin, Y.~ and Sigaud, J.~ and Chardine, J.~",
  journal = "Phys. Rev. C {\bf 61}, 034306",
  year = "(2001)"}
@article{badegi01,
  author = "Bauge, E.~ and Delaroche, J.P.~ and Girod, M.~",
  journal = "Phys. Rev. C {\bf 63}, 024607",
  year = "(2001)"}
@article{badegi98,
  author = "Bauge, E.~ and Delaroche, J.P.~ and Girod, M.~",
  journal = "Phys. Rev. C {\bf 58}, 1118",
  year = "(1998)"}
@article{badegi99,
  author = "Bauge, E.~ and Delaroche, J.P.~ and Girod, M.~",
  author = "E. Bauge, J. P. Delaroche and M. Girod",
  journal = "Nucl. Phys. {\bf A654}, 829",
  year = "(1999)"}
@article{bahach99,
  author = "Bateman, F.B.~ and Haight, R.C.~ and Chadwick, M.B.~ and Sterbenz, S.M.~ and Grimes, S.M.~ and Vonach, H.",
  journal = "Phys. Rev. C {\bf 60}, 064609",
  year = "(1999)"}
@InProceedings{baiski88,
  author = "Baba, M.~ and Ishikawa, M.~ and Kikuchi, T.~ and Wakabayashi, H.~ and Yabuta, N.~ and Hirakawa, N.~",
  booktitle = "Proceedings of the International Conference on Nuclear Data For Science and Technology, Mito, Japan, 1988"}
@unpublished{ko00,
  author = "Koning , A.~",
  note = "Private communication",
  year = "(2000)"}
@article{grpyta68a,
  author = "Greenlees, G.W.~ and Pyle, G.J.~ and Tang, Y.C.~",
  journal = "Phys. Rev. {\bf 171}, 1115",
  year = "(1968)"}
@article{grpyta68b,
  author = "Greenlees, G.W.~ and Pyle, G.J.~ and Tang, Y.C.~",
  journal = "Phys. Lett. {\bf 26B}, 658",
  year = "(1968)"}
@article{begr69,
  author = "Becchetti, F.D.~,Jr. and Greenlees,G.W.~",
  journal = "Phys. Rev. {\bf 182}, 1190",
  year = "(1969)"}
@article{behabe74,
  author = "Bertini, H.W.~ and Harp, G.D.~ and Bertrand, F.E.~",
  journal = "Phys. Rev.  C {\bf 10}, 2472",
  year = "(1974)"}
@Article{bepe73,
  author =  {Bertrand, F.E.~ and Peelle, R.W.~},
  journal = {Phys. Rev. C {\bf 8},1045},
  year =    {(1973)}}
@article{blmare94,
  author = "Blum, V.~ {\it et al}",
  journal = "Phys. Lett. {\bf B323}, 262",
  year = "(1994)"}
@InProceedings{bobobr88,
  author = "Boerker, G.~ and Boettger, R.~ and Brede, H.J.~ and Klein, H.~ and Mannhart, W.~ and Siebert, R.L~",
  booktitle = "Proceedings of the International Conference on Nuclear Data For Science and Technology, Mito, Japan, 1988"}
@article{bocaco81,
  author = "Bonetti, R.~ {\it et al}",
  journal = "Phys. Rev.  C {\bf 24}, 71",
  year = "(1981)"}
@article{boscst61,
  author = "Bowen, P.H.~ and Scanlon, J.P.~ and Stafford, G.H.~ and Thresher, J.J.~ and Hodgson, P.E.~",
  journal = "Nucl. Phys. {\bf 22}, 640",
  year = "(1961)"}
@article{brfehi50,
  author = "Bratenahl, A.~ and Fernbach, S.~ and Hildebrand, R.H.~ and Leith, C.E.~ and Moyer, B.J.~",
  journal= "Phys. Rev. {\bf 77}, 597",
  year = "(1950)"}
@article{brdesp79,
  author = "Brown, G. E.~ and Dehesa, J.~ and Speth, J.~",
  journal = "Nucl. Phys. {\bf A330}, 389",
  year = "(1979)"}
@article{brrh81,
  author = "Brown, G. E.~ and Rho, M.~",
  journal = "Nucl. Phys. {\bf A372}, 397",
  year = "(1981)"}
@article{camoqu01,
  author = "Capote, R.~ and Molina, A.~ and Quesada, J.M.~",
  journal = "J. Phys. G:Nucl.Part.Phys. {\bf 27}, B15",
  year = "(2001)"}
@article{ce94,
  author = "Cerf, N.~",
  journal = "Phys. Rev. C {\bf 50}, 836",
  year = "(1994)"}
@article{chchni96,
  author = "Chiba, S.~ {\it et al}",
  journal = "Phys. Rev. C {\bf 53}, 1824",
  year = "(1996)"}
@article{chfr68,
  author = "Chen, K.~ {\it et al}",
  journal = "Phys. Rev. {\bf 166}, 949",
  year = "(1968)"}
@article{chga68,
  author = "Crawley, M.~ and Garvey, G.T.~",
  journal = "Phys. Rev. {\bf 167}, 1070",
  year = "(1968)"}
@article{chgula90,
  author = "Chiba, S.~ and Guenter, P.T.~ and Lawson, R.D.~ and Smith, A.B.~",
  journal = "Phys. Rev. C {\bf 42}, 2487",
  year = "(1990)"}
@article{chgusm92,
  author = "Chiba, S.~ and Guenter, P.T.~ and Smith, A.B.~ and Sugimoto, M.~ and Lawson, R.D.~",
  journal = "Phys. Rev. C {\bf 45}, 1260",
  year = "(1992)"}
@article{chyo99,
  author = "Chadwick, M.B.~ {\it et al.}",
  journal = "Nucl. Sc. Eng. {\bf 1331}, 293",
  year = "(1999)"}
@article{chyoge94,
  author = "Chadwick, M.B.~ {\it et al.}",
  journal = "Phys. Rev. C {\bf 50}, 996",
  year = "(1994)"}
@TECHREPORT{cifoko68,
   author = "Cierjaks, S.~ and Forti, P.~ and Kopsch, D.~ and Kropp, L.~ and Nebe, J.~ and Unseld, H.~",
   institution = "Kernforschungszentrum Karlsruhe Report, Nos. KFK-1000, EUR-3963E and EANDC(E)-111",
   year = "1968"}
@article{codami94,
  author = "Cole, B.J.~ and Davidson, N.J.~ and Miller, H.G.~",
  journal = "Phys. Rev. C {\bf 50}, 1913",
  year = "(1994)"}
@Article{cofrma74,
  author =       {Comparat, V.~ and Frascaria, R.~ and Marty, N.~ and Morlet, M.~ and Willis, A.~},
  journal =      {Nucl. Phys. {\bf A221},403},
  year =         {(1974)}}
@Unpublished{coh,
  author = "Kawano, T.~",
  title =  "{\it Program CoH}",
  }
@Article{colees78,
  author =       {Colombo, E.~ and de Leo, R.~ and Escudie, J.L.~ and Fabrici, E.~ and Micheletti,
  S.~ and Pignanelli, M.~ and Resmini, F.~},
  journal =      {J. Phys. Soc. Jap. {\bf 44},543},
  year =         {(1978)}}
@Article{crga65,
  author =       {Crawley, G.M.~ and Garvey, G.T.~},
  journal =      {Phys. Rev. {\bf 167}, 1070},
  year =         {(1965)}}
@article{dafi90,
  author = "Das, R.K.~ and Finlay, R.W.~",
  journal = "Phys. Rev. C {\bf 42}, 1013",
  year = "(1990)"}
@article{dagrha89,
  author = "Dagge, G.~ and Grum, W.~ and Hammer, J.W.~ and Hoffmann, K.-W.~ and Schreder, G.~",
  title = "{\it Optical model analysis over a wide range of nuclei
            using polarized neutron scattering data (EXFOR 22121)}",
  journal = "Phys. Rev. C {\bf 39}, 1768",
  year = "(1989)"}
@article{dalilo96,
  author = "Dasso, C.H.~ and Liotta, R.J.~ and Lozano, M.~",
  journal = "Phys. Rev. C {\bf 54}, 1217",
  year = "(1996)"}
@Article{dasc56,
  author =       {Dayton, I.E.~ and Schrank, G.~},
  journal =      {Phys. Rev. {\bf 101}, 1358},
  year =         {(1956)}}
@article{de61,
  author = "de-Shalit, A.~",
  journal = "Phys. Rev. {\bf 122}, 1530",
  year = "(1961)"}
@article{demaho96,
  author = "Demetriou, P.~ and Marcinkowski, A.~ and Hodgson, P.E.~",
  journal = "Nucl. Phys. {\bf A596}, 67",
  year = "(1996)"}
@article{demo51,
  author = "de Juren, J.~ and Moyer, B.J.~",
  journal = "Phys. Rev. {\bf 81}, 919",
  year = "(1951)"}
@article{dewaba97,
  author = "L. Dematte {\it et al}",
  journal = "Nucl. Phys. {\bf A617}, 331",
  year = "(1997)"}
@article{dewara89,
  author = "Delaroche, J. P.~ and Wang, Y.~ and Rapaport, J.~",
  journal = "Phys. Rev. C {\bf 39}, 391",
  year = "(1989)"}
@Unpublished{ecis96,
  author =       {Raynal, J.~},
  title =        {Notes on {ECIS}~96},}
@Unpublished{ecis94,
  author =       {Raynal, J.~},
  title =        {Notes on {ECIS}~94, {CEA} {Saclay} {Report} {No.} {CEA-N-2772}},
  year = {1994}}
@article{dianba03,
  author = "Dietrich, F.S.~ and Anderson, J.D~ and Bauer, R.W.~ and Grimes, S.M.~ and ,Finlay, R.W.~ and
            Abfalterer, W.P.~ and Bateman, F.B~ and Haight, R.C.~ and Morgan, G.L.~ and Bauge, E.~ and  
			Delaroche, J.P.~ and Romain, P.~",
  journal = "Phys. Rev. C {\bf 67}, 044606",
  year = "(2003)"}
@article{fiabfi93,
  author = "Finlay, R.W.~ and Abfalterer, W.P.~ and Fink, F.~ and Montei, E.~ and Adami, T.~ and Lisowski, P.~ and Morgan, G.L.~ and Haight, R.C.~",
  journal = "Phys. Rev. C {\bf 47}, 237",
  year = "(1993)"}
@inproceedings{fifiab91,
  author = "Finlay, R.W.~ and Fink, F.~ and Abfalterer, W.P.~ and Lisowski, P.~ and Morgan, G.L.~ and Haight, R.C.~",
  booktitle = "Proceedings of the \it{Nuclear Data for Science and Tecnology} Conference,
  Julich, 1991, ed. by S. M. Qaim (Springer-Verlag, Berlin, Hildelberg, New York, 1992),p.720"}
@article{fiwida89,
  author = "Finlay, R.W.~ and Wierzbicki, J.~ and Das, R.K.~ and Dietrich, F.S.~",
  journal = "Phys. Rev. C {\bf 39}, 804",
  year = "(1989)"}
@Article{fogl71,
  author = "Foster, D.G.~, Jr. and Glasgow, D.W.~",
  journal = "Phys. Rev. C {\bf 3}, 576",
  year = "(1971)"}
@article{frgrle88,
  author = "Franz, J.~ and Grotz, H.P.~ and Lehmann, L.~ and Roessle, E.~ and Schmitt, H.~ and Schmitts L.~",
  journal = "Nucl. Phys. {\bf A490}, 667",
  year = "(1988)"}
@Article{fubasc69,
  author =       {Fulmer, C.B.~ and Ball, J.B.~ and Scott, A.~ and Whiten, M.L.~},
  journal =      {Phys. Rev. {\bf 181}, 1565},
  year =         {(1969)}}
@Article{fu59,
  author =       {Fulmer, C.B.~},
  journal =      {Phys. Rev. {\bf 116}, 418},
  year =         {(1959)}}
@article{gagaaugl,
  author = "E. Gadioli et al.",
  journal = "Phys. Rev. C {\bf 38}, 1649",
  year = "(1988)"}
@article{gaze68,
  author = "Gadioli, E.~ and Zetta, L.~",
  journal = "Phys. Rev. {\bf 167}, 1016",
  year = "(1968)"}
@article{gica65,
  author = "Gilbert, A.~ and Cameron, A.G.W.~",
  journal = "Can. J. Phys. {\bf 43}, 1446",
  year = "(1965)"}
@article{go96,
  author = "Goriely, S.~",
  journal = "Nucl. Phys. {\bf A605}, 28",
  year = "(1996)"}
@article{gubyfl85,
  author = "W. P. Guss et al.",
  journal = "Nucl. Phys. {\bf A438}, 187",
  year = "(1985)"}
@article{gusa87,
  author = "Gupta, S.K.~ and Satpathy, L.~",
  journal = "Z. Phys. {\bf A 326}, 221",
  year = "(1987)"}
@article{haal82,
  author = "Harper, R.C.~ and Alford, W.L.~",
  journal = "J. Phys. G: Nucl. Phys. {\bf 8}, 153",
  year = "(1982)"}
@article{hafe52,
  author = "Hauser, W.~ and Feshbach, H.~",
  journal = "Phys, Rev. {\bf 87} 366",
  year = "(1952)"}
@Book{handbook,
  author = "Abramowitz, M.~ and Stegun, I.~",
  title = "{\it Handbook of Mathematical Functions, Applied Mathematics Series, vol. 55}",
  publisher = "(Washington: National Bureau of Standards; reprinted by Dover Publications, New York)",
  year = "1968"}
@Book{mcduro88,
  author = "McLane, V.~ and Dunford, C.L.~ and Rose, P.F.~",
  title = "{\it Neutron Cross Sections, vol. 2}",
  publisher = "(Academic Press, New York)",
  year = "1988"}
@article{igma91,
  author = "Ignatyuk, A.V.~ and Maslov, V.M.~",
  journal = "Sov. J. Nucl. Phys. {\bf 54}, 392",
  year = "(1991)"}
@article{igmapa88,
  author = "A. V. Ignatyuk et al.",
  journal = "Sov. J. Nucl. Phys. {\bf 47}, 224",
  year = "(1988)"}
@article{iglush00,
  author = "Ignatyuk, A.V.~ and Lunev, V.P.~ and Shubin, Yu.N.~ and Gai, E.V.~ and
  Titarenko, N.N.~ and Ventura, A.~ and Gudowski, W.~",
  journal = "Nucl. Sc. Eng. {\bf 136}, 340",
  year = "(2000)"}
@unpublished{iggalu04,
  author = "Ignatyuk, A.V.~ and Gai, E.V.~ and Lunev, V.P.~ and Shubin, Yu.N.~ and 
  Titarenko, N.N.~",
  note = "Progress Report {\bf IAEA RC 12571}, IAEA, Vienna",
  year = "(2004)"}
@article{jelema77,
  author = "Jekeune, J.P.~ and Lejeune, A.~ and Mahaux, C.~",
  journal = "Phys. Rev.  C {\bf 16}, 80",
  year = "(1977)"}
@article{jema83,
  author = "Jekeune, J.P.~ and Mahaux, C.~",
  journal = "Nucl. Phys. {\bf A394}, 445",
  year = "(1983)"}
@article{jocawi89,
  author = "Johnson, C.H.~ and Carlton, R.F.~ and Winters, R.R.~",
  journal = "Phys. Rev. C {\bf 39}, 415",
  year = "(1989)"}
@article{jogake79,
  author = "C. H. Johnson et al.",
  journal = "Phys. Rev.  C {\bf 20}, 2052",
  year = "(1979)"}
@article{johoma87,
  author = "Johnson, C. H.~ and Horen, D. J.~ and Mahaux, C.~",
  journal = "Phys. Rev. C {\bf 36}, 2252",
  year = "1987"}
@article{joma88,
  author = "Johnson, C.H.~ and Mahaux, C.~",
  journal = "Phys. Rev. C {\bf 38}, 2589",
  year = "(1988)"}
@Article{josvho61,
  author =       {Johansson, A.~ and Svanberg, U.~ and Hodgson, P.E.~},
  journal =      {Ark. Fys. {\bf 19}, 541},
  year =         {(1961)}}
@article{jujocl98,
  author = "A. R. Junghans et al.",
  journal = "Nucl. Phys. {\bf A629}, 635",
  year = "(1998)"}
@article{ka82,
  author = "C. Kalbach",
  journal = "Phys. Rev.  C {\bf 25}, 3197",
  year = "(1982)"}
@article{ka85,
  author = "Kalbach, C.~",
  journal = "Phys. Rev. C {\bf 32}, 1157",
  year = "(1985)"}
@article{ka88,
  author = "Kalbach, C.~",
  journal = "Phys. Rev. C {\bf 37}, 2350",
  year = "(1988)"}
@article{karaka78,
  author = "Kataria, S. K.~  et al.",
  journal = "Phys. Rev.  C {\bf 18}, 549",
  year = "(1978)"}
@article{kawe92,
  author = "Kawai, M.~ and Weidenmuller, H.A.~",
  journal = "Phys. Rev. C {\bf 45}, 1856",
  year = "(1992)"}
@TECHREPORT{kipe70,
   author = "Kinney, W.E.~ and Perey, F.G.~",
   institution = "{\bf ORNL-4516}, Oak Ridge National Laboratory",
   year = "(1976)"}
@TECHREPORT{endfb6,
   title = "{\it Cross Section Evaluation Working Group 1991 Report}",
   institution = "{\bf BNL-NCS-17541 (ENDF201)}, Edited by P.F.~Rose, National
   Nuclear Data  Center, Brookhaven National Laboratory, Upton, NY, USA",
   year = "1991"}
@TECHREPORT{ki67,
   author = "Kirschbaum, A.J.~",
   title =  "{\it Ph.D. Thesis}",
   institution = "{\bf UCRL-1967}, University of California",
   year = "1967"}
@article{kili66,
  author = "Kirkby, P.~ and Link, W.T.~",
  journal = "Can. J. Phys. {\bf 44}, 1847",
  year = "(1966)"}
@article{kode03,
  author = "Koning, A.~ and Delaroche, J.P.~",
  journal = "Nucl. Phys. {\bf A713}, 231",
  year = "(2003)"}
@article{kodebe98,
  author = "Koning, A.J.~ and Delaroche , J.P.~ and Bersillon, O.~",
  journal = "Nucl. Instrum. Method. Phys. Res. {\bf A414}, 49",
  year = "(1998)"}
@article{krbofl96,
  author = "Krieger, S.J.~ {\it et al}",
  journal = "Phys. Rev. C {\bf 54}, 2399",
  year = "(1996)"}
@Book{hodg63,
  author = "Hodgson, P.E.~",
  title = "{\it The Optical Model of Elastic Scattering}",
  publisher = "(Clarendon Press, Oxford)",
  year = "1963"}
@Book{hodg71,
  author = "Hodgson, P.E.~",
  title = "{\it Nuclear Reactions and Nuclear Structure}",
  publisher = "(Oxford University Press)",
  year = "1971"}
@inproceedings{hodg97,
  author = "Hodgson, P.E.~",
  title = "{\it The nuclear optical model: Introductory overview}",
  booktitle = "Proceedings of the Meeting on Nucleon-Nucleus Optical Model up to
  200 MeV, Bruy\`eres-le-Ch\^atel, p.13. Available online at http://www.nea.fr/html/science/om200/",
  publisher = "(OECD, Paris, 1997)"}
@article{la62a,
  author = "Lane, A.M.~",
  journal = "Phys. Rev. Lett. {\bf 8}, 171",
  year = "(1962)"}
@article{la62b,
  author = "Lane, A.M.~",
  journal = "Nucl. Phys. {\bf 35}, 676",
  year = "(1962)"}
@article{lagusm89,
  author = "Lawson, R.D.~ and Guenther, P.T.~ and Smith, A.B.~",
  journal = "Nucl. Phys. {\bf A493}, 267",
  year = "(1989)"}
@TECHREPORT{lahahi81,
   author = "Larson, D.C.~ and Harvey, J.A.~ and Hill, N.W.~",
   title = "Measurement of neutron total cross sections at ORELA to 80 MeV",
   institution = "ORNL-5787, p.174, Oak Ridge National Laboratory",
   year = "1981"}
@TECHREPORT{le76,
   author = "Lemos, O.F.~",
   institution = "Orsay, Series A No. 136",
   year = "1976"}
@article{le80,
  author = "Lejeune, A.~",
  journal = "Phys. Rev.  C {\bf 21}, 1107",
  year = "(1980)"}
@article{lechfu99,
  author = "Lee, Y.O.~ and Chang, J.~ and Fukahori, T.~ and Chiba, S.~",
  journal = "J. Nucl. Sci. and Tech. (Tokyo) {\bf 36}, 1125",
  year = "(1999)"}
@article{lo87,
  author = "Lozano, M.~",
  journal = "Phys. Rev. C {\bf 36}, 452",
  year = "(1987)"}
@article{luka91,
  author = "Luo, Y.L.~ and Kawai, M.~",
  journal = "Phys. Rev. C {\bf 43}, 2367",
  year = "(1991)"}
@InProceedings{ECIS,
  author =       {Raynal, J.~},
  title =        {ECIS96},
  booktitle = "Proceedings of the Meeting on Nucleon-Nucleus Optical Model up to
  200 MeV, Bruy\`eres-le-Ch\^atel, p.159. Available online at http://www.nea.fr/html/science/om200/",
  publisher = "(OECD, Paris, 1997)"}
@inproceedings{la82,
  author = {Lagrange, Ch.~},
  title = {Critique of Nuclear Models and Their Validity in the Evaluation of Nuclear Data},
  booktitle = {Report NEANDC(J)-38 'L', INDC(JAP) 25/L 58},
  year =      {1975}}
@inproceedings{ma88,
  author = {Madland, D.G.~},
  title = {Recent Results in the Development of a Global Medium-Energy Nucleon-Nucleus Optical-Model Potential},
  booktitle = "Proceedings of the \it{Specialists' Meeting on Preequilibrium Nuclear Reactions}. Semmering, Austria, %
  1988, edited by B. Strohmaier, Nuclear Energy Agency Nuclear Data Committee
  Report NEANDC-245 'U', Paris 1988, p.103"}
@article{ma94,
  author = "Maslov, V.M.~",
  journal = "Z. Phys. {\bf A 347}, 211",
  year = "(1994)"}
@article{ma04U38,
  author = "Maslov, V.M.~ and Porodzinski\~{\i}, Y.V.~ and Tetereva, N.A.~ and Baba, M.~ and Hasegawa, A.~ ",
  journal = "Nucl. Phys. {\bf A736}, 77",
  year = "(2004)"}
@article{ma04pair,
  author = "Maslov, V.M.~",
  journal = "Nucl. Phys. {\bf A743}, 236",
  year = "(2004)"}   
@article{ma05Th32,
  author = "Maslov, V.M.~",
  journal = "Nucl. Phys. {\bf A757}, 390",
  year = "(2005)"} 
@article{caphwh84,
  author = "Camarda, H.S.~ and Phillips, T.W.~ and White, R.M.~",
  journal = "Phys. Rev. C {\bf 29}, 2106",
  year = "(1984)"}
@article{shbera80,
  author = "Shamu, R.E.~ and Bernstein, E.M.~ and Ramirez, J.J.~ and Lagrange, Ch.~",
  journal = "Phys. Rev. C {\bf 22}, 1857",
  year = "(1980)"} 
@article{cadiph86,
  author = "Camarda, H.S.~ and Dietrich, F.S.~ and Phillips, T.W.~",
  journal = "Phys. Rev. C {\bf 39}, 1725",
  year = "(1986)"} 
@article{mal94,
  author = "Malik, S.S.~",
  journal = "Phys. Rev. C {\bf 50}, 2973",
  year = "(1994)"}
@article{mang81,
  author = "Mahaux, C.~ and Ng\^o, H.~",
  journal = "Phys. Lett. 100{\bf B}, 285",
  year = "(1981)"}
@article{mang84,
  author = "Mahaux, C.~ and Ng\^o, H.~",
  journal = "Nucl. Phys. {\bf A431}, 486",
  year = "(1984)"}
@article{mangsa86,
  author = "Mahaux, C.~ and Ng\^o, H.~ and Satchler, G.R.~",
  journal = "Nucl. Phys. {\bf A449}, 354",
  year = "(1986)"}
@article{masa86,
  author = "Mahaux, C.~ and Sartor, R.~",
  journal = "Nucl. Phys. {\bf A458}, 25",
  year = "(1986)"}
@article{masa87np,
  author = "Mahaux, C.~ and Sartor, R.~",
  journal = "Nucl. Phys. {\bf A468}, 193",
  year = "(1987)"}
@article{masa87pr,
  author = "Mahaux, C.~ and Sartor, R.~",
  journal = "Phys. Rev. C {\bf 36}, 1777",
  year = "(1987)"}
@article{masa88,
  author = "Mahaux, C.~ and Sartor, R.~",
  journal = "Nucl. Phys. {\bf A484}, 205",
  year = "(1988)"}
@article{masa89,
  author = "Mahaux, C.~ and Sartor, R.~",
  journal = "Nucl. Phys. {\bf A493}, 157",
  year = "(1989)"}
@article{masa91,
  author = "Mahaux, C.~ and Sartor, R.~",
  journal = "Nucl. Phys. {\bf A528}, 253",
  year = "(1991)"}
@Book{masa91rev,
  author = "Mahaux, C.~ and Sartor, R.~",
  title = "Advances in Nuclear Physics",
  publisher = "(edited by {J.W.~Negele} and {E.~Vogt}. Plenum, New York, 1991)",
  volume = "20"}
@article{masa94,
  author = "Mahaux, C.~ and Sartor, R.~",
  journal = "Nucl. Phys. {\bf A568}, 1",
  year = "(1994)"}
@article{mawa86,
  author ="Martin, Ph.~ and Walter, R.L.~",
  journal ="Phys. Rev.  C {\bf 34}, 384",
  year ="(1986)"}
@article{mepa66,
  author = "Measday, D.F.~ and Palmieri, J.N.~",
  journal = "Nucl. Phys. {\bf 85}, 129",
  year = "(1966)"}
@article{mipogr92,
  author = "M. Mirea et al.",
  journal = "Nuovo Cim. {\bf A105}, 571",
  year = "(1992)"}
@article{mo80,
  author ="Moldauer, P.A.~",
  journal = "Nucl. Phys. {\bf A344}, 185",
  year = "(1980)"}
@article{mocaqu02,
  author ="Molina, A.~ and Capote, R.~ and Quesada, J.M.~ and Lozano, M.~",
  journal = "Phys. Rev. C {\bf 65}, 034616",
  year = "(2002)"}
@article{nadasi97,
  author = "H. Naik et al.",
  journal = "Nucl. Phys. {\bf A612}, 143",
  year = "(1997)"}
@TECHREPORT{nadeho90,
   author = "Nagadi, M.M.~ and Delaroche, J.P.~ and Howell, C.R.~ and Tornow, W.~ and Walter, R.L.~",
   title = "The dispersive optical model for $n + ^{27}Al$ ",
   institution = " TUNL-XXIX, p.87, Triangle University Nuclear Lab.",
   year = "1990"}
@Article{namasa85,
  author = "Nagarajan, M.A.~ and Mahaux, C.~ and Satchler, G.R.~",
  journal ="Phys. Rev. Lett. {\bf 54}, 1136",
  year = "(1985)"}
@article{nascsi81,
  author = "Nadasen, A.~ and Schwandt, P. and Jacobs, W.W.~ and Bacher, A.D.~ and Debevec, P.T.~ and Kaitchuck, M.D.~ and Meek, J.T.~",
  journal = "Phys. Rev. C {\bf 23}, 1023",
  year = "(1981)"}
@article{nefape94,
  author = "G. Nebbia et al.",
  journal = "Nucl. Phys {\bf A578}, 285",
  year = "(1994)"}
@article{ogkawa99,
  author = "K. Ogata et al.",
  journal = "Phys. Rev. C {\bf 60}, 054605",
  year = "(1999)"}
@inproceedings{oh85,
  author = "Ohkubo, M.~",
  booktitle = "Proceedings of the \it{International Conference on Nuclear Data for Basic and Applied
              Science}, Santa Fe, N.M., 1985"}
@article{pahivo98,
  author = "Pavlik, A.~ and Hitzenberger-Schauer, H.~ and Vonach, H.~ and Chadwick, M.B.~ and Haight, R.C.~ and Nelson, R.O.~ and Young, P.G.~",
  journal = "Phys. Rev. C {\bf 57}, 2416",
  year = "(1998)"}
@article{pe63,
  author = "Perey, F.G.~",
  journal = "Phys. Rev. {\bf 131}, 745",
  year = "(1963)"}
@article{pehoho88,
  author = "R. S. Pedroni et al.",
  journal = "Phys. Rev. C {\bf 38}, 2052",
  year = "(1988)"}
@article{peisfi85,
  author = "Petler, J.S.~ and Islam, M.S.~ and Finlay, R.W.~ and Dietrich, F.S.~",
  journal = "Phys. Rev. C {\bf 32}, 673",
  year = "(1985)"}
@TECHREPORT{peloki72,
   author = "Perey, F.G.~ and Love, T.A.~ and Kinney, W.E.~",
   title = "A test of neutron total cross-section evaluations from 0.2 to 20 MeV for C, O, Al, Si, Ca and $SiO_2$",
   institution = "ORNL-4823, Oak Ridge National Laboratory",
   year = "1972"}
@article{pepe63,
  author = "Perey, C.M.~ and Perey, F.G.~",
  journal = "Phys. Rev. {\bf 132}, 755",
  year = "(1963)"}
@article{pepe76,
  author = "Perey, C.M.~ and Perey, F.G.~",
  journal = "At. Dat. Nucl. Dat. Tab. {\bf 17}, 1",
  year = "(1976)"}
@inproceedings{ra72,
    author = "Raynal, J.~",
    title = "Optical model and coupled-channels calculations in nuclear physics",
    booktitle = "{\it Computing as a language of physics}. ICTP International Seminar Course, Trieste,
    Italy, Aug.2-10, 1971 (IAEA, 1972), page 281",}
@Book{handbook,
  author = "Abramowitz, M.~ and Stegun, I.~",
  title = "{\it Handbook of Mathematical Functions, Applied Mathematics Series, vol. 55}",
  publisher = "(Washington: National Bureau of Standards; reprinted by Dover Publications, New York)",
  year = "1968"}
@Book{ripl1,
  title = "{{\bf IAEA TECDOC-1034}, \it Handbook for Calculations of nuclear
  reaction data: Reference Input Parameter Library}. Available online at
  {\it http://www-nds.iaea.org/ripl/}",
  publisher = "(International Energy Agengy, Vienna, Austria)",
  year = "1998"}
@Book{ripl2,
  author = {T.~Belgya and O.~Bersillon and R.~Capote and T.~Fukahori and G.~Zhigang and S.~Goriely
            and M.~Herman and A.V.~Ignatyuk and S.~Kailas and A.~Koning and P.~Oblozhinsky and V.~Plujko
            and P.~Young.},
  title = "{\it Handbook for Calculations of nuclear reaction data: Reference Input Parameter Library},
            available online at {\it http://www-nds.iaea.org/RIPL-2/}",
  publisher = "(International Energy Agengy, Vienna, Austria)",
  year = "2005"}
@inproceedings{rode97,
  author = "Romain, P.~ and Delaroche, J.P.~",
  title = "{\it A dispersive coupled channel analysis of nucleon scattering from
  $^{181}Ta$ and $^{182,184,186}W$ up to 200 MeV}",
  booktitle = "Proceedings of the Meeting on Nucleon-Nucleus Optical Model up to
  200 MeV, Bruy\`eres-le-Ch\^atel, p.167. Available online at http://www.nea.fr/html/science/om200/",
  publisher = "(OECD, Paris, 1997)"}
@article{rohubo89,
  author = "Romanovsky, E.A.~ and Hussein , H.A.~ and Bogdanov, R.I.~",
  journal = "Izv. Akad. Nauk SSSR, Ser.Fiz. {\bf 53}, 156",
  year = "(1989)"}
@inproceedings{roshna94,
  author = "Rohr, G.~ and Shelley, R.~ and Nazareth, C.~ and Moxon, M.~",
  booktitle = "Conference on Nuclear Data for Science and Technology, 1994, Gatlinburg, Tenn., USA"}
@article{rosp95,
  author = "Romanovsky, E.A.~ and Spasskaya , T.I.~",
  journal = "Izv.Akad.Nauk SSSR, Ser.Fiz. {\bf 59}, 136",
  year = "(1995)"}
@article{sa60,
  author = "Salmon, G.L.~",
  journal= "Nucl. Phys. {\bf 21}, 15",
  year = "(1960)"}
@article{sama80,
  author = "Sartor, R.~ and Mahaux, C.~",
  journal = "Phys. Rev.  C {\bf 21}, 2613",
  year = "(1980)"}
@TECHREPORT{scat2,
   author = "Bersillon, O.~",
   institution = "Comisariat \`a l'Energie Atomique Report No. CEA-N-2227, Bruy\`eres le Ch\^atel",
   year = "1981"}
@article{scco68,
  author = "Schneider, R.J.~ and Cormack, A.M.~",
  journal = "Nucl. Phys. {\bf 119}, 197",
  year = "(1968)"}
@TECHREPORT{scsche74,
   author = "Schwartz, R.B.~ and Schrack, R.A.~ and Heaton, H.T.~",
   institution = "{\bf NBS-MONO-138}, National Bureau of Standards",
   year = "1974"}
@article{shgrak87,
  author = "S. Xiangjun et al.",
  journal = "Nucl. Phys. {\bf A466}, 333",
  year = "(1987)"}
@article{sldi95,
  author = "Slavov, B.~ and Dimitrov, V.I.~",
  journal = "Z. Phys. {\bf A 353}, 289",
  year = "(1995)"}
@article{smgula86,
  author = "Smith, A.B.~ and Guenther, P.T.~ and Lawson, R.D.~",
  journal = "Nucl. Phys. {\bf A455}, 344",
  year = "(1986)"}
@article{smguwh84,
  author = "Smith, A.B.~ et al.",
  journal = "Nucl. Phys. {\bf A415}, 1",
  year = "(1984)"}
@article{sm01,
  author = "Smith, A.B.~",
  journal = "Ann. Nucl. Energy {\bf 28}, 1745",
  year = "(2001)"}
@article{sm02,
  author = "Smith, A.B.~",
  journal = "Ann. Nucl. Energy {\bf 29}, 1241",
  year = "(2002)"}
@article{sm04,
  author = "Smith, A.B.~",
  journal = "Ann. Nucl. Energy {\bf 31}, 1813",
  year = "(2004)"}
@article{socaqu05,
  author = "Soukhovitski\~{\i}, E.Sh.~ and Capote, R.~ and Quesada, J.M.~ and Chiba, S.~",
  journal = "Phys. Rev.  C {\bf 72}, 024604",
  year = "(2005)"} 
@TECHREPORT{sopoiw98,
   author = "Soukhovitski\~{\i}, E.Sh.~ and Porodzinski\~{\i}, Y.V.~ and Iwamoto, O.~ and Chiba, S.~ and Shibata, K.~ ",
   title =  "{\it Programs OPTMAN and SHEMMAN Version 5}",
   institution = "{\bf JAERI-Data/Code 98-019}, Japan Atomic Energy Research Institute",
   year = "1998"}
@TECHREPORT{sochiw05,
   author = "Soukhovitski\~{\i}, E.Sh.~ and Chiba, S.~ and Iwamoto, O.~ and Shibata, K.~
   and Fukahori, T.~ and Morogovski\~{\i}, G.B.~",
   title =  "{\it Programs OPTMAN and SHEMMAN Version 8}",
   institution = "{\bf JAERI-Data/Code 2005-002}, Japan Atomic Energy Research Institute",
   year = "2005"}
@article{chiwya97,
  author = "Chiba, S.~ and Iwamoto, O.~ and Yamanouti, Y.~ and Sugimoto, M.~ and Mizumoto, M.~ and Hasegawa, K.~
  and Sukhovitski\~{\i}, E.S.~ and Porodzinski\~{\i}, Y.V.~ and Watanabe, Y.~",
  journal = "Nucl. Phys. {\bf A624}, 305",
  year = "(1997)"}
@article{el66,
  author = "L.R.B.~Elton",
  journal = "Nuovo Cimento {\bf B42}, 227",
  year = "(1966)"}
@TECHREPORT{somoch04,
   author = "Soukhovitski\~{\i}, E.Sh.~ and Morogovski\~{\i}, G.B.~ and Chiba, S.~ and Iwamoto, O.~ and Fukahori, T.~",
   title = "{\it Physics and Numerical Methods of OPTMAN: A Coupled-channels
   Method Based on Soft-rotator Model for a  Description of Collective Nuclear
   Structure and Excitation}",
   institution = "{\bf JAERI-Data/Code 2004-002}, Japan Atomic Energy Research Institute",
   year = "2004"}
@Article{soiwch00,
  author =       {Soukhovitski\~{\i}, E.Sh.~ and Iwamoto, O.~ and Chiba, S.~ and Fukahori, T.~},
  journal =      {J. Nucl. Sci. Technol. {\bf 37}, 120},
  year =         {(2000)}}
@Article{sochle02,
  author =       {Soukhovitski\~{\i}, E.Sh.~ and Chiba, S.~ and Lee, J-Y.~ and Lee, Y-O.~ and Chang, J.~ and Maruyama, T.~ and Iwamoto, O.~},
  journal =      {J. Nucl. Sci. Technol. {\bf 39}, 816},
  year =         {(2002)}}
@Article{sochle04,
  author =       {Soukhovitski\~{\i}, E.Sh.~ and Chiba, S.~ and Lee, J-Y.~ and Iwamoto, O.~ and Fukahori, T.~},
  journal =      {J. Phys. G:Nucl. Part. Phys. {\bf 30}, 905},
  year =         {(2004)}}
@Article{stpaco64,
  author =       {Steinberg, D.J.~ and Palmieri, J.N.~ and Cormack, A.M.},
  journal =      {Nucl. Phys {\bf 56}, 46},
  year =         {(1964)}}
@article{ta65,
  author = "Tamura, T.~",
  journal = "Rev. Mod. Phys.{\bf 37}, 241",
  year = "(1965)"}
@inproceedings{tatsma69,
  author = "Tanaka, S.~ and Tsukada, K.~ and Maruyama, M.~ and Tomita, Y.~",
  booktitle = "Nuclear Data for Reactors Conference, Helsinki, 1970"}
@article{taudle82,
  author = "Tamura, T.~ and Udagawa, T.~ and Lenske, H.~",
  journal = "Phys. Rev.  C {\bf 26}, 379",
  year = "(1982)"}
@article{tawo53,
  author = "Taylor, A.E.~ and Wood, E.~",
  title= "Neutron total cross section between 30 and 153 MeV",
  journal = "Phylos. Mag. {\bf 44}, 95",
  year = "(1953)"}
@article{tawo61,
  author = "Taylor, A.E.~ and Wood, E.~",
  journal = "Nucl. Phys. {\bf 25}, 642",
  year = "(1953)"}
@article{th66,
  author = " Thankappan, V. K.~",
  journal = "Phys. Rev. {\bf 141}, 957",
  year="(1966)"}
@article{tochde90,
  author = "Tornow, W.~ and Chen, Z.P.~ and Delaroche, J.P.~",
  journal = "Phys. Rev. C {\bf 42}, 693",
  year = "(1990)"}
@article{togi62,
  author = "Towle, J.H.~ and Gilboy, W.B.~",
  journal = "Nucl. Phys. {\bf 39}, 300",
  year = "(1962)"}
@TECHREPORT{va93,
   author = "Varashenkov, B.S.~",
   title = "Cross Sections of Particle and Nucleus Interactions with Nuclei (Russian)",
   institution = "Joint Institute for Nuclear Research, Dubna, Russia",
   year = "1993"}
@article{vavowi56,
  author = "Van Zyl, C.P.~ and Voss, R.G.P.~ and Wilson, R.~",
  journal= "Phylos. Mag. {\bf 1}, 1003",
  year = "(1956)"}
@article{vaweto00,
  author = "VanderKam, J. M.~ and Weisel, G. J.~  and Tornow, W.~",
  journal = "J. Phys. G:Nucl.Part.Phys. {\bf 26}, 1787",
  year = "2000"}
@article{veglbr74,
  author = "Velkley, D.E.~ and Glasgow, D.W.~ and Brandenberger, J.D.and Mc Ellistrem, M.T.~ and Manthuruthil, J.C.~ and Poirier, C.P.~",
  journal = "Phys. Rev. C {\bf 9}, 2181",
  year = "(1974)"}
@article{vobesc86,
  author = "von Egidy, T.~ and Behkami, A.N.~ and Schmidt,H.H.~ ",
  journal = "Nucl. Phys. {\bf A454}, 109",
  year = "(1986)"}
@article{vopach94,
  author = "H. Vonach et al.",
  journal = "Phys. Rev. C {\bf 50}, 1952",
  year = "(1994)"}
@article{voscbe88,
  author = "von Egidy, T.~ and Schmidt,H.H.~ and Behkami, A.N.~",
  journal = "Nucl. Phys. {\bf A481}, 189",
  year = "(1988)"}
@INPROCEEDINGS{wa96,
  author = "Walter, R.L.~",
  title = "Analyzing Power Measurements and the nucleon-nucleus optical potential;
  a focus on the spin-orbit potential",
  booktitle = "Proceedings of the Meeting on Nucleon-Nucleus Optical Model up to
  200 MeV, Bruy\`eres-le-Ch\^atel, p.199. Available online at 
  http://www.nea.fr/html/science/om200/walter.pdf",
  publisher = "(OECD, Paris, 1997)"}
@article{wafopo93,
  author = "Wang, Y.~ and Foster, C.C:~ and Polak, R.D.~ and Rapaport, J.~ and Stephenson, E.J.~",
  journal = "Phys. Rev. C {\bf 47}, 2677",
  year = "(1993)"}
@article{wafost92,
  author = "Wang, Y.~ and Foster, C.C.~ and Stephenson, E.J.~ and Yuan, L.~ and Rapaport,J.~",
  journal = "Phys. Rev. C {\bf 45}, 2891",
  year = "(1992)"}
@article{waka93,
  author = "Watanabe, Y.~ and Kawai, M.~",
  journal = "Nucl. Phys. {\bf A560}, 43",
  year = "(1993)"}
@article{wetoho96,
  author = "Weisel, G.J.~ and  Tornow, W.~ and Howell, C.R.~ and Felsher, P.D.~ and
  AlOhali, M.~ and Roberts, M.L.~ and Das, R.K.~ and Walter, R.L.~ and Mertens, G.~",
  journal = "Phys. Rev. C {\bf 54}, 2410",
  year = "(1996)"}
@article{wewa99,
  author = "Weisel, G.J.~ and Walter, R.L.~",
  journal = "Phys. Rev. C {\bf 59}, 1189",
  year = "(1999)"}
@article{wewako99,
  author = "S. Weili et al.",
  journal = "Phys. Rev. C {\bf 60},, 064605",
  year = "(1999)"}
@article{whdago84,
  author = "Whisnant, C.S.~ and Dave, J.H.~ and Gould, C.R.~",
  journal = "Phys. Rev. C {\bf 30}, 1435",
  year = "(1984)"}
@article{zhchch00,
  author = "X. Zhang, X.~ and Chen, Z.~ and Chen, Y.~ and Yuan, J.~ and Tang, G.~ and Zhang, G.~ and Chen, J.~ and Gledenov, Yu.M.~ and Kluukhenkhuu, G.~ and Sedysheva, M.~",
  journal = "Phys. Rev.  C {\bf 61}, 054607",
  year = "(2000)"}

%% haouat78
@article{halala78,
  author = "Haouat, G.~ and Lachkar, J.~ and Lagrange, Ch.~ and Jary, J.~ and
  Sigaud, J.~ and Patin, Y.~",
  title = "{\it Neutron scattering cross sections for Th-232, U-233,
            U-235, U-238, Pu-239 AND Pu-242 between 0.6 AND 3.4
            MeV (EXFOR 21782)}",
  journal = "Nucl. Sci. Eng.{\bf 81}, 491",
  year = "(1982)"}

%% smith96
@article{smch96,
  author = "Smith, A.B.~ and Chiba, S.~",
  journal = "Ann. Nucl. Energy{\bf 23}, 459",
  year = "(1996)"}

%% batch65
@article{bagito65,
  author = "Batchelor, R.~ and Gilboy, W.B.~ and Towle, J.H.~",
  title = "{\it Neutron interactions with U-238 and Th-232 in the
            energy region 1.6 MeV to 7 MeV (EXFOR 21019)}",
  journal = "Nucl. Phys. {\bf A65}, 236",
  year = "(1965)"}

%% kinney73
@TECHREPORT{kipe73,
   author = "Kinney W.E.~ and Perey F.G.~",
   institution = "{\bf ORNL-4804}, Oak Ridge National Laboratory, USA",
   year = "1973"}

%% baba89
@TECHREPORT{bawait89,
   author = "Baba, M.~ and Wakabayashi, H.~ and Ito, N.~ and Maeda, K.~ and Hirakawa, N.~",
   institution = "{\bf JAERI-M 89-143} (japanese), Japan Atomic Energy Research Institute",
   year = "1989"}

%% kammerdiener72
@TECHREPORT{ka72,
   author = "Kammerdiener, J.L.~",
   institution = "{\bf UCRL-51232}, University of California, Lawrence Livermore
   National Laboratory, USA",
   year = "1972"}

%% hansen86
@article{hapowo86,
  author = "Hansen, L.F.~ and Pohl, B.A.~ and Wong, C.~ and Haight, R.C.~ and
  Lagrange, Ch.~",
  journal = "Phys. Rev.  C {\bf 34}, 2075",
  year = "(1986)"}

%% hansen82
@article{haprhe82,
  author = "Hansen, L.F.~ and Proctor, I.D.~ and Heikkinen, D.W.~ and
  Madsen, V.A.~",
  title = "{\it Nuclear deformation in the actinide region by proton
           inelastic scattering (EXFOR O0013)}",
  journal = "Phys. Rev.  C {\bf 25}, 189",
  year = "(1982)"}


%% shen84
@article{shhuwe84,
  author = "Shen, G.~ and Huang, T.~ and Wen, S.~ and Yu, C.~ and Li, A.~
  and Tang, H.~ and Shen, Q.~ and Zhao, Z.~ and Gu, F.~",
  journal = "Chin. J. of Nucl. Phys. {\bf 6}, 193",
  year = "(1984)"}

%% king77
@article{kifigr79,
  author = "King, C.H.~ and Finck, J.E.~ and Crawley, G.M.~ and Nolen, Jr.J.A.~
  and Ronningen, R.M.~",
  title = "{\it Multiple moments of 154Sm, 176Yb, 232Th, and 238U from
            porton inelastic scattering (EXFOR T0153)}",
  journal = "Phys. Rev.  C {\bf 20}, 2084",
  year = "(1979)"}

%% takeuchi86
@article{tasana86,
  author = "Takeuchi, Y.~ and Sakaguchi, H.~ and Nakamura, M.~ and
  Ichihara, T.~ and Yosoi, M.~ and Ieiri, M.~ and Kobayashi S.~",
  title = "{\it }",
  journal = "Phys. Rev.  C {\bf 34}, 493",
  year = "(1986)"}

%% sakaguchi2003
@unpublished{sa03,
  author = "Sakaguchi, H.~",
  note = "Private communication",
  year = "(2003)"}

%% Dukarevich et al
@article{dudj61,
  author = "Dukarevich, Ju.V.~ and Djumin, A.N.~",
  title  = "{\it Elastic scattering of fast neutrons at small angles (EXFOR 40078)}",
  journal = "Zhurnal Eksperimentalnoi i Teoret. Fiziki {\bf 44}, 130 (russian)",
  year = "(1961)"}

%% Hudson et al
@article{huwabe62,
  author = "Hudson, C.I.~ and Walker, Jr.W.S.~ and Berko,S.~",
  title =  "{\it Differential Elastic Scattering of 15.2-MeV Neutrons
            by Ta, Bi, Th, U (EXFOR 12180)}",
  journal = "Phys. Rev. {\bf 128}, 1271",
  year = "(1962)"}

%% iwasaki 81
@TECHREPORT{iwbaha81a,
   author = "Iwasaki, T.~ and Baba, M.~ and Hattori, K.~ and Kanda, K.~ and Chiba, S.~
   and Kanoda, K.~ and Hirakawa, N.~",
   title = "{\it A study of neutron scattering for Th-232 in MeV energy region (EXFOR 21767)}",
   institution = "{it Contribution to the Specialists' Meeting on fast neutron scattering
   on actinide nuclei}",
   year = "1981"}

%% iwasaki 81
@TECHREPORT{iwbaha81b,
   author = "Iwasaki, T.~ and Baba, M.~ and Hattori, K.~ and Kanda, K.~ and Chiba, S.~
   and Kanoda, K.~ and Hirakawa, N.~",
   title = "{\it Measurements of neutron total cross section for Th-232 (EXFOR 21766)}",
   institution = "{it Contribution to the Specialists' Meeting on fast neutron scattering
   on actinide nuclei}",
   year = "1981"}

%% Poenitz 83
@TECHREPORT{powh83,
   author = "Poenitz, W.P.~ and Whalen, J.F.~",
   title = "{\it Neutron total cross section measurements in the energy
            region from 47 keV to 20 MeV (EXFOR 12853)}",
   institution = "{{\bf ANL-NDM-80},Argonne National Laboratory, USA}",
   year = "1983"}

%% Poenitz 81
@article{powhsm81,
   author = "Poenitz, W.P.~ and Whalen, J.F.~ and Smith, A.B.~",
   title = "{\it Total neutron cross sections of heavy nuclei (EXFOR 10935)}",
   journal = "Nucl. Sci. Eng.{\bf 78}, 333",
   year = "(1981)"}
